@ARTICLE{7103024,

  author={Faragher, Ramsey and Harle, Robert},

  journal={IEEE Journal on Selected Areas in Communications}, 

  title={Location Fingerprinting With Bluetooth Low Energy Beacons}, 

  year={2015},

  volume={33},

  number={11},

  pages={2418-2428},

  doi={10.1109/JSAC.2015.2430281}}

@ARTICLE{

author={}

title={Canâ€™t Keep Them Away: The Failures of
Anti-Stalking Protocols in Personal Item
Tracking Devices}

}